@article{Einstein1906,
abstract = {},
author = {Einstein, A.},
doi = {10.1002/andp.19053231314},
issn = {},
journal = {Annalen der Physik},
month = {},
number = {},
pages = {639},
publisher = {},
shortjournal = {Ann. Ph.},
title = {{Ist die Tr\"agheit eines K\"orpers von seinem Energieinhalt abh\"angig?}},
url = {},
volume = {18},
year = {1906}
}

@article{Einstein1905,
abstract = {},
author = {Einstein, A.},
doi = {10.1002/andp.19053220806},
issn = {},
journal = {Annalen der Physik},
%shortjournal = {Ann. Ph.},
month = {},
number = {},
pages = {132},
publisher = {},
title = {{\"Uber einen die Erzeugung und Verwandlung des Lichtes betreffenden heuristischen Gesichtspunkt}},
url = {},
volume = {17},
year = {1905}
}
