@book{Darwin1859,
address = {London},
author = {Darwin, Charles},
isbn = {},
pages = {502},
publisher = {John Murray},
title = {{On the Origin of Species}},
year = {1859}
}