@online{GraphicsPathSubfiles,
%author = {},
%booktitle = {},
title = {{subfiles | Nested Files}},
url = {https://latex.org/forum/viewtopic.php?t=13267},
urldate = {2022-09-07}
}

@online{BiblatexDocumentation,
%author = {},
%booktitle = {},
title = {{Biblatex}},
url = {https://ctan.org/pkg/biblatex},
urldate = {2022-09-07}
}

@online{BiblatexCheatSheet,
%author = {},
%booktitle = {},
title = {{Biblatex Cheat Sheet}},
url = {http://tug.ctan.org/info/biblatex-cheatsheet/biblatex-cheatsheet.pdf},
urldate = {2022-09-07}
}

@online{BibTwowordlastname,
%author = {},
%booktitle = {},
title = {{How to correctly typeset an author's two-word last name in BibTeX?}},
url = {https://tex.stackexchange.com/questions/204697/how-to-correctly-typeset-an-authors-two-word-last-name-in-bibtex},
urldate = {2022-09-07}
}

@online{Hyndsight,
author = {Rob J Hyndman},
%booktitle = {},
title = {{Controlling figure and table placement in LaTeX}},
url = {https://robjhyndman.com/hyndsight/latex-floats/},
urldate = {2022-09-07}
}

